@misc{lemme,
author = {},
title = {La lemmatisation : Optimiser le SEO avec la lemmatisation},
howpublished = {https://www.yakaferci.com/lemmatisation-seo/},
month = {},
year = {},
note = {(Accessed on 12/13/2018)}
}